@book{cleancode,
    author      = "Robert C. Martin",
    title       = "Clean Code: A Handbook of Agile Software Craftsmanship",
    publisher   = "Prentice Hall",
    address     = "Boston",
    year        = "2008",
    note        = "ISBN: 978-0-13-235088-4"
}
@misc{influxdb:tags-fields,
    author          = "InfluxData",
    title           = "{InfluxDB schema design. Use tags and fields}",
    year            = "2022",
    howpublished    = "\url{https://docs.influxdata.com/influxdb/v2/write-data/best-practices/schema-design/#use-fields-for-unique-and-numeric-data}",
    note            = "[En línia; data de consulta: 01-05-2024]"
}
@misc{influxdb:batching-video,
    author          = "InfluxData",
    title           = "{Batching Data with the InfluxDB's Python Client Library}",
    year            = "2023",
    howpublished    = "\url{https://www.youtube.com/watch?v=MZrwhbNdrVk}",
    note            = "[Vídeo; En línia; data de consulta: 01-05-2024]"
}
@misc{internal:informacio-logs,
    author      = "{UPC}",
    title       = "{Informació pel TFE logs UPCommons}",
    year        = "{2023}",
    howpublished = "{Document intern}",
}